@inproceedings{maria2014gudhi,
  title={The Gudhi library: Simplicial complexes and persistent homology},
  author={Maria, Cl{\'e}ment and Boissonnat, Jean-Daniel and Glisse, Marc and Yvinec, Mariette},
  booktitle={International Congress on Mathematical Software},
  pages={167--174},
  year={2014},
  organization={Springer}
}
